@book{tb,
  author = {Trefethen, Lloyd N. and Bau, David},
  Note = {{ISBN} 0-89871-361-7},
  publisher = {SIAM},
  title = {Numerical Linear Algebra},
  year = 1997
}

@book{slides,
    author = {Jianliang Qian},
    title = {Lecture Slides for CMSE 823 - Numerical Linear Algebra},
    year = 2020
}
